@article{anticevic2008comparing,
  title={Comparing surface-based and volume-based analyses of functional neuroimaging data in patients with schizophrenia},
  author={Anticevic, Alan and Dierker, Donna L and Gillespie, Sarah K and Repovs, Grega and Csernansky, John G and Van Essen, David C and Barch, Deanna M},
  journal={Neuroimage},
  volume={41},
  number={3},
  pages={835--848},
  year={2008},
  publisher={Elsevier}
}

@article{besle2013single,
  title={Single-subject fMRI mapping at 7 T of the representation of fingertips in S1: a comparison of event-related and phase-encoding designs},
  author={Besle, Julien and S{\'a}nchez-Panchuelo, Rosa-Maria and Bowtell, Richard and Francis, Susan and Schluppeck, Denis},
  journal={Journal of neurophysiology},
  volume={109},
  number={9},
  pages={2293--2305},
  year={2013},
  publisher={American Physiological Society Bethesda, MD}
}

@article{schaefer2018local,
  title={Local-global parcellation of the human cerebral cortex from intrinsic functional connectivity MRI},
  author={Schaefer, Alexander and Kong, Ru and Gordon, Evan M and Laumann, Timothy O and Zuo, Xi-Nian and Holmes, Avram J and Eickhoff, Simon B and Yeo, BT Thomas},
  journal={Cerebral cortex},
  volume={28},
  number={9},
  pages={3095--3114},
  year={2018},
  publisher={Oxford University Press}
}

@article{mcnab2008prefrontal,
  title={Prefrontal cortex and basal ganglia control access to working memory},
  author={McNab, Fiona and Klingberg, Torkel},
  journal={Nature neuroscience},
  volume={11},
  number={1},
  pages={103--107},
  year={2008},
  publisher={Nature Publishing Group US New York}
}

@article{risk2007neural,
  title={The Neural Basis of Loss Aversion in},
  author={Risk, Decision-Making Under},
  journal={science},
  volume={1134239},
  number={515},
  pages={315},
  year={2007}
}

@article{nijhof2015simulating,
  title={Simulating fiction: individual differences in literature comprehension revealed with fMRI},
  author={Nijhof, Annabel D and Willems, Roel M},
  journal={PLoS One},
  volume={10},
  number={2},
  pages={e0116492},
  year={2015},
  publisher={Public Library of Science San Francisco, CA USA}
}

@article{church2010task,
  title={The “Task B problem” and other considerations in developmental functional neuroimaging},
  author={Church, Jessica A and Petersen, Steven E and Schlaggar, Bradley L},
  journal={Human brain mapping},
  volume={31},
  number={6},
  pages={852--862},
  year={2010},
  publisher={Wiley Online Library}
}

@misc{rosazza2018pre,
  title={Pre-surgical Brain Mapping: To Rest or Not to Rest? Front. Neurol. 2018; 9: 520},
  author={Rosazza, C and Zaca, D and Bruzzone, MG},
  year={2018}
}

@article{dubois2016building,
  title={Building a science of individual differences from fMRI},
  author={Dubois, Julien and Adolphs, Ralph},
  journal={Trends in cognitive sciences},
  volume={20},
  number={6},
  pages={425--443},
  year={2016},
  publisher={Elsevier}
}

@article{power2014studying,
  title={Studying brain organization via spontaneous fMRI signal},
  author={Power, Jonathan D and Schlaggar, Bradley L and Petersen, Steven E},
  journal={Neuron},
  volume={84},
  number={4},
  pages={681--696},
  year={2014},
  publisher={Elsevier}
}

@article{dice1945measures,
  title={Measures of the amount of ecologic association between species},
  author={Dice, Lee R},
  journal={Ecology},
  volume={26},
  number={3},
  pages={297--302},
  year={1945},
  publisher={JSTOR}
}

@inproceedings{koch2015siamese,
  title={Siamese neural networks for one-shot image recognition},
  author={Koch, Gregory and Zemel, Richard and Salakhutdinov, Ruslan and others},
  booktitle={ICML deep learning workshop},
  volume={2},
  number={1},
  year={2015},
  organization={Lille}
}

@article{van2012parcellations,
  title={Parcellations and hemispheric asymmetries of human cerebral cortex analyzed on surface-based atlases},
  author={Van Essen, David C and Glasser, Matthew F and Dierker, Donna L and Harwell, John and Coalson, Timothy},
  journal={Cerebral cortex},
  volume={22},
  number={10},
  pages={2241--2262},
  year={2012},
  publisher={Oxford University Press}
}

@article{smith2013resting,
  title={Resting-state fMRI in the human connectome project},
  author={Smith, Stephen M and Beckmann, Christian F and Andersson, Jesper and Auerbach, Edward J and Bijsterbosch, Janine and Douaud, Gwena{\"e}lle and Duff, Eugene and Feinberg, David A and Griffanti, Ludovica and Harms, Michael P and others},
  journal={Neuroimage},
  volume={80},
  pages={144--168},
  year={2013},
  publisher={Elsevier}
}

@inproceedings{milletari2016v,
  title={V-net: Fully convolutional neural networks for volumetric medical image segmentation},
  author={Milletari, Fausto and Navab, Nassir and Ahmadi, Seyed-Ahmad},
  booktitle={2016 fourth international conference on 3D vision (3DV)},
  pages={565--571},
  year={2016},
  organization={Ieee}
}

@inproceedings{ronneberger2015u,
  title={U-net: Convolutional networks for biomedical image segmentation},
  author={Ronneberger, Olaf and Fischer, Philipp and Brox, Thomas},
  booktitle={Medical image computing and computer-assisted intervention--MICCAI 2015: 18th international conference, Munich, Germany, October 5-9, 2015, proceedings, part III 18},
  pages={234--241},
  year={2015},
  organization={Springer}
}

@article{tavor2016task,
  title={Task-free MRI predicts individual differences in brain activity during task performance},
  author={Tavor, Ido and Jones, O Parker and Mars, Rogier B and Smith, SM and Behrens, TE and Jbabdi, Saad},
  journal={Science},
  volume={352},
  number={6282},
  pages={216--220},
  year={2016},
  publisher={American Association for the Advancement of Science}
}

@article{glasser2013minimal,
  title={The minimal preprocessing pipelines for the Human Connectome Project},
  author={Glasser, Matthew F and Sotiropoulos, Stamatios N and Wilson, J Anthony and Coalson, Timothy S and Fischl, Bruce and Andersson, Jesper L and Xu, Junqian and Jbabdi, Saad and Webster, Matthew and Polimeni, Jonathan R and others},
  journal={Neuroimage},
  volume={80},
  pages={105--124},
  year={2013},
  publisher={Elsevier}
}

@article{barch2013function,
  title={Function in the human connectome: task-fMRI and individual differences in behavior},
  author={Barch, Deanna M and Burgess, Gregory C and Harms, Michael P and Petersen, Steven E and Schlaggar, Bradley L and Corbetta, Maurizio and Glasser, Matthew F and Curtiss, Sandra and Dixit, Sachin and Feldt, Cindy and others},
  journal={Neuroimage},
  volume={80},
  pages={169--189},
  year={2013},
  publisher={Elsevier}
}